@INPROCEEDINGS{Doggo,
  author={N. {Kau} and A. {Schultz} and N. {Ferrante} and P. {Slade}},
  booktitle={2019 International Conference on Robotics and Automation (ICRA)}, 
  title={Stanford Doggo: An Open-Source, Quasi-Direct-Drive Quadruped}, 
  year={2019},
  volume={},
  number={},
  pages={6309-6315},
}

@ARTICLE{Spot,  
  author={E. {Guizzo}},  
  journal={IEEE Spectrum},   
  title={By leaps and bounds: An exclusive look at how Boston dynamics is redefining robot agility},   
  year={2019},  
  volume={56},  
  number={12},  
  pages={34-39},
}

@INPROCEEDINGS{Hummingbird,  
  author={F. {Fei} and Z. {Tu} and Y. {Yang} and J. {Zhang} and X. {Deng}},  
  booktitle={2019 International Conference on Robotics and Automation (ICRA)},
  title={Flappy Hummingbird: An Open Source Dynamic Simulation of Flapping Wing Robots and Animals},   
  year={2019},  
  volume={},  
  number={},  
  pages={9223-9229},
}

@INPROCEEDINGS{Salto1P,
  author={D. W. {Haldane} and J. K. {Yim} and R. S. {Fearing}},  
  booktitle={2017 IEEE/RSJ International Conference on Intelligent Robots and Systems (IROS)},   
  title={Repetitive extreme-acceleration (14-g) spatial jumping with Salto-1P},
  year={2017},  
  volume={},  
  number={},  
  pages={3345-3351},
}

@article{Salto,
  title={Robotic vertical jumping agility via series-elastic power modulation},
  author={Haldane, Duncan W and Plecnik, Mark M and Yim, Justin K and Fearing, Ronald S},
  journal={Science Robotics},
  volume={1},
  number={1},
  year={2016}
}

@phdthesis{multimo,
  title={MultiMo-Bat: Biologically Inspired Integrated Multi-Modal Locomotion},
  author={Woodward, Matthew A},
  year={2017},
  school={Carnegie Mellon University}
}

@article{EPFL,
author = {Kovac, Mirko and Wassim-Hraiz, and Fauria, Oriol and Zufferey, Jean-Christophe and Floreano, Dario},
year = {2011},
month = {12},
pages = {},
title = {The EPFL jumpglider: A hybrid jumping and gliding robot with rigid or folding wings},
doi = {10.1109/ROBIO.2011.6181502}
}

@conference {ROS,
	title = {ROS: an open-source Robot Operating System},
	booktitle = {ICRA Workshop on Open Source Software},
	year = {2009},
	attachments = {http://www.willowgarage.com/sites/default/files/icraoss09-ROS.pdf},
	author = {Morgan Quigley and Ken Conley and Brian P. Gerkey and Josh Faust and Tully Foote and Jeremy Leibs and Rob Wheeler and Andrew Y. Ng}
}

@incollection{FOC,
title = "Chapter 8 - Field oriented control of induction motors",
editor = "Austin Hughes and Bill Drury",
booktitle = "Electric Motors and Drives (Fifth Edition)",
publisher = "Newnes",
edition = "Fifth Edition",
pages = "261 - 305",
year = "2019",
isbn = "978-0-08-102615-1",
doi = "https://doi.org/10.1016/B978-0-08-102615-1.00008-8",
url = "http://www.sciencedirect.com/science/article/pii/B9780081026151000088",
author = "Austin Hughes and Bill Drury",
keywords = "Induction motor, Field oriented control, Vector, Direct torque control (DTC), Flux control, Torque control, Implementation, Graphical approach"
}

@misc{MCSDK,
  author       = {STMicroelectronics},
  title        = {X-CUBE-MCSDK},
  howpublished = {\url{https://www.st.com/zh/embedded-software/x-cube-mcsdk.html}},
  year         = {2018}
}